@book{wilson2004,
  title={Bicycling science},
  author={Wilson, David Gordon and Papadopoulos, Jim},
  year={2004},
  publisher={Mit Press}
}

@article{kooijman2008,
  title={Experimental validation of a model of an uncontrolled bicycle},
  author={Kooijman, JDG and Schwab, AL and Meijaard, JP},
  journal={Multibody System Dynamics},
  volume={19},
  number={1-2},
  pages={115--132},
  year={2008},
  publisher={Springer}
}

@inproceedings{meijaard2007,
  title={Linearized dynamics equations for the balance and steer of a bicycle: a benchmark and review},
  author={Meijaard, Jaap P and Papadopoulos, Jim M and Ruina, Andy and Schwab, Arend L},
  booktitle={Proceedings of the Royal Society of London A: Mathematical, Physical and Engineering Sciences},
  volume={463},
  number={2084},
  pages={1955--1982},
  year={2007},
  organization={The Royal Society}
}

@article{whipple1899,
  title={The stability of the motion of a bicycle},
  author={Whipple, Francis JohnWelsh},
  journal={Quarterly Journal of Pure and Applied Mathematics},
  volume={30},
  number={120},
  pages={312--321},
  year={1899}
}

@phdthesis{delange2011,
  title={Rider control identification in bicycling},
  author={De Lange, PDL},
  year={2011},
  school={TU Delft, Delft University of Technology}
}

@article{hess2012,
  title={Modeling the manually controlled bicycle},
  author={Hess, Ronald and Moore, Jason Keith and Hubbard, Mont},
  journal={Systems, Man and Cybernetics, Part A: Systems and Humans, IEEE Transactions on},
  volume={42},
  number={3},
  pages={545--557},
  year={2012},
  publisher={IEEE}
}

@phdthesis{hladun2015,
  title={System identification of the Brompton bicycle},
  author={Hladun, Monique Victoria Teresa},
  year={2015}
}

@inproceedings{schwab2013,
  title={Design and experimental validation of a haptic steering interface for the control input of a bicycle simulator},
  author={Schwab, A.L. and Recuero, Antonio M.},
  booktitle={MULTIBODY DYNAMICS 2013, ECCOMAS Thematic Conference, 1-4 July 2013, Zagreb, Croatia.},
  pages={103--110},
  year={2013}
}

@inproceedings{kooijman2009,
  title={Some observations on human control of a bicycle},
  author={Kooijman, JDG and Schwab, AL and Moore, Jason K},
  booktitle={ASME 2009 International Design Engineering Technical Conferences and Computers and Information in Engineering Conference},
  pages={2021--2028},
  year={2009},
  organization={American Society of Mechanical Engineers}
}

@phdthesis{moore2012,
  title={Human control of a bicycle},
  author={Moore, Jason Keith},
  year={2012},
  school={University of California Davis}
}

@inproceedings{steen2011,
  title={A review of visual driver models for system identification purposes},
  author={Steen, Jelmer and Damveld, Herman J and Happee, Riender and van Paassen, Marinus Maria and Mulder, Max},
  booktitle={Systems, Man, and Cybernetics (SMC), 2011 IEEE International Conference on},
  pages={2093--2100},
  year={2011},
  organization={IEEE}
}

@inproceedings{kovacsova2015,
  title={A literature review on Human Factors research using motorcycle
      simulators},
  author={N. Kovacsoca, M. Di Gesu},
}

@article{crundall2012,
  title={Negotiating left-hand and right-hand bends: a motorcycle simulator study to investigate experiential and behaviour differences across rider groups},
  author={Crundall, Elizabeth and Crundall, David and Stedmon, Alex W},
  journal={PloS one},
  volume={7},
  number={1},
  pages={e29978},
  year={2012},
  publisher={Public Library of Science}
}

@article{pilutti1999,
  title={Identification of driver state for lane-keeping tasks},
  author={Pilutti, Tom and others},
  journal={Systems, Man and Cybernetics, Part A: Systems and Humans, IEEE Transactions on},
  volume={29},
  number={5},
  pages={486--502},
  year={1999},
  publisher={IEEE}
}

@article{higham2005,
  title={The scaling and squaring method for the matrix exponential revisited},
  author={Higham, Nicholas J},
  journal={SIAM Journal on Matrix Analysis and Applications},
  volume={26},
  number={4},
  pages={1179--1193},
  year={2005},
  publisher={SIAM}
}

@MISC{eigenweb,
  author = {Ga\"{e}l Guennebaud and Beno\^{i}t Jacob and Jitse Niesen and Chen-Pang He and others},
  title = {Eigen v3},
  howpublished = {http://eigen.tuxfamily.org},
  year = {2010}
 }

@article{moler2003,
  title={Nineteen dubious ways to compute the exponential of a matrix, twenty-five years later},
  author={Moler, Cleve and Van Loan, Charles},
  journal={SIAM review},
  volume={45},
  number={1},
  pages={3--49},
  year={2003},
  publisher={SIAM}
}

@Manual{sympy,
title = {SymPy: Python library for symbolic mathematics},
author = {{SymPy Development Team}},
year = {2014},
url = {http://www.sympy.org},
}
